<record><leader>00000cas a2200000 a 4500</leader><controlfield tag="001">32638019</controlfield><controlfield tag="007">hd bfu---baat</controlfield><controlfield tag="007">hd afu---bact</controlfield><controlfield tag="008">950613d18841891nbuwr nea     0    0eng c</controlfield><datafield ind1=" " ind2=" " tag="010"><subfield code="a">sn 95069890 </subfield></datafield><datafield ind1=" " ind2=" " tag="040"><subfield code="a">NVG</subfield><subfield code="b">eng</subfield><subfield code="c">NVG</subfield><subfield code="d">OCLCQ</subfield><subfield code="d">OCLCF</subfield><subfield code="d">OCLCO</subfield></datafield><datafield ind1="1" ind2=" " tag="029"><subfield code="a">AU@</subfield><subfield code="b">000011782927</subfield></datafield><datafield ind1=" " ind2=" " tag="042"><subfield code="a">pcc</subfield></datafield><datafield ind1=" " ind2=" " tag="043"><subfield code="a">n-us-nb</subfield></datafield><datafield ind1="0" ind2="4" tag="245"><subfield code="a">The Crete globe</subfield><subfield code="h">[microform].</subfield></datafield><datafield ind1=" " ind2=" " tag="260"><subfield code="a">Crete, Neb. :</subfield><subfield code="b">Globe Pub. Co.,</subfield><subfield code="c">1884-</subfield></datafield><datafield ind1=" " ind2=" " tag="300"><subfield code="a">v.</subfield></datafield><datafield ind1=" " ind2=" " tag="310"><subfield code="a">Weekly</subfield></datafield><datafield ind1="0" ind2=" " tag="362"><subfield code="a">Vol. 1, no. 1 (Jan. 3, 1884)-</subfield></datafield><datafield ind1="1" ind2=" " tag="362"><subfield code="a">Ceased in 1891.</subfield></datafield><datafield ind1=" " ind2=" " tag="515"><subfield code="a">Vol. 1, no. 3 (Jan. 17, 1884)-v. 6, no. 52 (Dec. 28, 1889) called also whole no. 662-whole no. 1102, continuing whole numbering of Saline County union.</subfield></datafield><datafield ind1=" " ind2=" " tag="580"><subfield code="a">Daily ed.: Crete daily globe, Aug. 11-Dec. 31, 1884.</subfield></datafield><datafield ind1=" " ind2=" " tag="580"><subfield code="a">Formed by the union of: Saline County union, and: Saline County standard (Crete, Neb.).</subfield></datafield><datafield ind1=" " ind2=" " tag="533"><subfield code="a">Microfilm.</subfield><subfield code="m">1884-1891:[Gaps]</subfield><subfield code="b">Lincoln, Neb. :</subfield><subfield code="c">Nebraska State Historical Society,</subfield><subfield code="d">1957.</subfield><subfield code="e">2 microfilm reels ; 35 mm.</subfield></datafield><datafield ind1=" " ind2="0" tag="651"><subfield code="a">Crete (Saline County, Neb.)</subfield><subfield code="v">Newspapers.</subfield></datafield><datafield ind1=" " ind2="7" tag="655"><subfield code="a">Newspapers.</subfield><subfield code="2">fast</subfield><subfield code="0">(OCoLC)fst01423814</subfield></datafield><datafield ind1=" " ind2="7" tag="651"><subfield code="a">Nebraska</subfield><subfield code="z">Crete (Saline County)</subfield><subfield code="2">fast</subfield><subfield code="0">(OCoLC)fst01312920</subfield></datafield><datafield ind1=" " ind2=" " tag="752"><subfield code="a">United States</subfield><subfield code="b">Nebraska</subfield><subfield code="c">Saline</subfield><subfield code="d">Crete.</subfield></datafield><datafield ind1="1" ind2=" " tag="775"><subfield code="t">Crete daily globe</subfield><subfield code="w">(DLC)sn 95069894</subfield></datafield><datafield ind1="1" ind2="4" tag="780"><subfield code="t">Saline County union</subfield><subfield code="w">(DLC)sn 95069887</subfield></datafield><datafield ind1="1" ind2="4" tag="780"><subfield code="t">Saline County standard (Crete, Neb.)</subfield><subfield code="w">(DLC)sn 95069889</subfield></datafield><datafield ind1="0" ind2="4" tag="785"><subfield code="t">Crete vidette</subfield><subfield code="w">(DLC)sn 95069895</subfield></datafield></record>